@misc{Cryi,
  title = {Cryptii},
  url = {https://cryptii.com}
}

@misc{EnDe,
  title = {Encode-Decode},
  url = {https://encode-decode.com}
}

@misc{CyCh,
  title = {CyberChef},
  url = {https://gchq.github.io/CyberChef}
}

@misc{Rum,
  title = {Rumkin},
  url = {https://rumkin.com}
}

@misc{dCo,
  title = {dCode},
  url = {https://www.dcode.fr}
}